@article{vkde,
author = {George R. Terrell and David W. Scott},
title = {{Variable Kernel Density Estimation}},
volume = {20},
journal = {The Annals of Statistics},
number = {3},
publisher = {Institute of Mathematical Statistics},
pages = {1236 -- 1265},
keywords = {adaptive estimation, balloongrams, kernel estimators, nearest-neighbor estimators, nonparametric smoothing},
year = {1992},
doi = {10.1214/aos/1176348768},
URL = {https://doi.org/10.1214/aos/1176348768}
}

@misc{jnw,
  author        = {Jonathan Niles-Weed},
  title         = {Lecture Notes in Mathematical Statistics},
  month         = {11},
  year          = {2024}
}

@misc{gateaux,
   author = "{Wikipedia contributors}",
   title = "Gateaux derivative --- {W}ikipedia{,} The Free Encyclopedia",
   year = "2024",
   url = "https://en.wikipedia.org/wiki/Gateaux_derivative",
   note = "[Online; accessed 12 December 2024]"
 }